@STRING{cvpr     = "Proc. IEEE/CVF Conf. Comput. Vis. Pattern Recognit."}
@STRING{iccv     = "Proc.IEEE/CVF Int. Conf. Comput. Vis."}
@STRING{icra     = "Proc.IEEE Int. Conf. Robot. Automat."}
@STRING{iros     = "Proc. IEEE/RSJ Int. Conf. Intell. Robots Syst."}
@STRING{iccvw     = "Int. Conf. Comput. Vis. Worksh."}

%-----------------------Hoang DC Author--------------------------

@article{hoang2025attention,
  title={Attention-based hand pose estimation with voting and dual modalities},
  author={Hoang, Dinh-Cuong and Nguyen, Anh-Nhat and Nguyen, Thu-Uyen and Hoang, Ngoc-Anh and Vu, Van-Duc and Vu, Duy-Quang and Ngo, Phuc-Quan and Phan, Khanh-Toan and Tran, Duc-Thanh and Nguyen, Van-Thiep and others},
  journal={Engineering Applications of Artificial Intelligence},
  volume={139},
  pages={109526},
  year={2025},
  publisher={Elsevier}
}

@article{hoang2023grasp,
  title={Grasp Configuration Synthesis from 3D Point Clouds with Attention Mechanism},
  author={Hoang, Dinh-Cuong and Nguyen, Anh-Nhat and Vu, Van-Duc and Vu, Duy-Quang and Nguyen, Van-Thiep and Nguyen, Thu-Uyen and Tran, Cong-Trinh and Phan, Khanh-Toan and Ho, Ngoc-Trung},
  journal={Journal of Intelligent and Robotic Systems},
  volume={109},
  number={3},
  pages={71},
  year={2023},
  publisher={Springer}
}

@inproceedings{hoang2022context,
  title={Context-aware grasp generation in cluttered scenes},
  author={Hoang, Dinh-Cuong and Stork, Johannes A and Stoyanov, Todor},
  booktitle={2022 International Conference on Robotics and Automation (ICRA)},
  pages={1492--1498},
  year={2022},
  organization={IEEE}
}

@article{hoang2022voting,
  title={Voting and attention-based pose relation learning for object pose estimation from 3d point clouds},
  author={Hoang, Dinh-Cuong and Stork, Johannes A and Stoyanov, Todor},
  journal={IEEE Robotics and Automation Letters},
  volume={7},
  number={4},
  pages={8980--8987},
  year={2022},
  publisher={IEEE}
}

@article{hoang2020panoptic,
  title={Panoptic 3D mapping and object pose estimation using adaptively weighted semantic information},
  author={Hoang, Dinh-Cuong and Lilienthal, Achim J and Stoyanov, Todor},
  journal={IEEE Robotics and Automation Letters},
  volume={5},
  number={2},
  pages={1962--1969},
  year={2020},
  publisher={IEEE}
}

@article{hoang2016sub,
  title={Sub-OBB based object recognition and localization algorithm using range images},
  author={Hoang, Dinh-Cuong and Chen, Liang-Chia and Nguyen, Thanh-Hung},
  journal={Measurement Science and Technology},
  volume={28},
  number={2},
  pages={025401},
  year={2016},
  publisher={IOP Publishing}
}

@article{hoang2020object,
  title={Object-RPE: Dense 3D reconstruction and pose estimation with convolutional neural networks},
  author={Hoang, Dinh-Cuong and Lilienthal, Achim J and Stoyanov, Todor},
  journal={Robotics and Autonomous Systems},
  volume={133},
  pages={103632},
  year={2020},
  publisher={Elsevier}
}

@inproceedings{hoang2019object,
  title={Object-rpe: Dense 3d reconstruction and pose estimation with convolutional neural networks for warehouse robots},
  author={Hoang, Dinh-Cuong and Stoyanov, Todor and Lilienthal, Achim J},
  booktitle={2019 European Conference on Mobile Robots (ECMR)},
  pages={1--6},
  year={2019},
  organization={IEEE}
}

@article{vu2024occlusion,
  title={Occlusion-Robust Pallet Pose Estimation for Warehouse Automation},
  author={Vu, Van-Duc and Hoang, Dinh-Dai and Tan, Phan Xuan and Nguyen, Van-Thiep and Nguyen, Thu-Uyen and Hoang, Ngoc-Anh and Phan, Khanh-Toan and Tran, Duc-Thanh and Vu, Duy-Quang and Ngo, Phuc-Quan and others},
  journal={IEEE Access},
  year={2024},
  publisher={IEEE}
}

@article{chen2016innovative,
  title={Innovative methodology for multi-view point cloud registration in robotic 3D object scanning and reconstruction},
  author={Chen, Liang-Chia and Hoang, Dinh-Cuong and Lin, Hsien-I and Nguyen, Thanh-Hung},
  journal={Applied Sciences},
  volume={6},
  number={5},
  pages={132},
  year={2016},
  publisher={MDPI}
}

@article{hoang2024multi,
  title={Multi-Modal Hand-Object Pose Estimation With Adaptive Fusion and Interaction Learning},
  author={Hoang, Dinh-Cuong and Tan, Phan Xuan and Nguyen, Anh-Nhat and Vu, Duy-Quang and Vu, Van-Duc and Nguyen, Thu-Uyen and Hoang, Ngoc-Anh and Phan, Khanh-Toan and Tran, Duc-Thanh and Nguyen, Van-Thiep and others},
  journal={IEEE Access},
  year={2024},
  publisher={IEEE}
}

@article{tan2024attention,
  title={Attention-based Grasp Detection with Monocular Depth Estimation},
  author={Tan, Phan Xuan and Hoang, Dinh-Cuong and Nguyen, Anh-Nhat and Nguyen, Van-Thiep and Vu, Van-Duc and Nguyen, Thu-Uyen and Hoang, Ngoc-Anh and Phan, Khanh-Toan and Tran, Duc-Thanh and Vu, Duy-Quang and others},
  journal={IEEE Access},
  year={2024},
  publisher={IEEE}
}

@article{hoang2024graspability,
  title={Graspability-aware Object Pose Estimation in Cluttered Scenes},
  author={Hoang, Dinh-Cuong and Nguyen, Anh-Nhat and Vu, Van-Duc and Nguyen, Thu-Uyen and Vu, Duy-Quang and Ngo, Phuc-Quan and Hoang, Ngoc-Anh and Phan, Khanh-Toan and Tran, Duc-Thanh and Nguyen, Van-Thiep and others},
  journal={IEEE Robotics and Automation Letters},
  year={2024},
  publisher={IEEE}
}

@article{hoang2024object,
  title={Object Pose Estimation Using Color Images and Predicted Depth Maps},
  author={Hoang, Dinh-Cuong and Tan, Phan Xuan and Nguyen, Anh-Nhat and Vu, Duy-Quang and Vu, Van-Duc and Nguyen, Thu-Uyen and Duong, Quang-Tri and Nguyen, Van-Thiep and Hoang, Ngoc-Anh and Phan, Khanh-Toan and others},
  journal={IEEE Access},
  year={2024},
  publisher={IEEE}
}

@article{hoang2024collision,
  title={Collision-free Grasp Detection From Color and Depth Images},
  author={Hoang, Dinh-Cuong and Nguyen, Anh-Nhat and Nguyen, Chi-Minh and Phi, An-Binh and Duong, Quang-Tri and Tran, Khanh-Duong and Trinh, Viet-Anh and Tran, Van-Duc and Pham, Hai-Nam and Ngo, Phuc-Quan and others},
  journal={IEEE Transactions on Artificial Intelligence},
  year={2024},
  publisher={IEEE}
}

%-------------------------------------------------

@inproceedings{carion2020end,
  title={End-to-end object detection with transformers},
  author={Carion, Nicolas and Massa, Francisco and Synnaeve, Gabriel and Usunier, Nicolas and Kirillov, Alexander and Zagoruyko, Sergey},
  booktitle={European conference on computer vision},
  pages={213--229},
  year={2020},
  organization={Springer}
}

@inproceedings{lin2017feature,
  title={Feature pyramid networks for object detection},
  author={Lin, Tsung-Yi and Doll{\'a}r, Piotr and Girshick, Ross and He, Kaiming and Hariharan, Bharath and Belongie, Serge},
  booktitle={Proceedings of the IEEE conference on computer vision and pattern recognition},
  pages={2117--2125},
  year={2017}
}

@inproceedings{he2016deep,
  title={Deep residual learning for image recognition},
  author={He, Kaiming and Zhang, Xiangyu and Ren, Shaoqing and Sun, Jian},
  booktitle={Proceedings of the IEEE conference on computer vision and pattern recognition},
  pages={770--778},
  year={2016}
}

@article{vaswani2017attention,
  title={Attention is all you need},
  author={Vaswani, Ashish},
  journal={arXiv preprint arXiv:1706.03762},
  year={2017}
}

@inproceedings{jaegle2021perceiver,
  title={Perceiver: General perception with iterative attention},
  author={Jaegle, Andrew and Gimeno, Felix and Brock, Andy and Vinyals, Oriol and Zisserman, Andrew and Carreira, Joao},
  booktitle={International conference on machine learning},
  pages={4651--4664},
  year={2021},
  organization={PMLR}
}

@article{lepetit2009ep,
  title={EP n P: An accurate O (n) solution to the P n P problem},
  author={Lepetit, Vincent and Moreno-Noguer, Francesc and Fua, Pascal},
  journal={International journal of computer vision},
  volume={81},
  pages={155--166},
  year={2009},
  publisher={Springer}
}

@inproceedings{kendall2015posenet,
  title={Posenet: A convolutional network for real-time 6-dof camera relocalization},
  author={Kendall, Alex and Grimes, Matthew and Cipolla, Roberto},
  booktitle={Proceedings of the IEEE international conference on computer vision},
  pages={2938--2946},
  year={2015}
}

@inproceedings{wang2019densefusion,
  title={Densefusion: 6d object pose estimation by iterative dense fusion},
  author={Wang, Chen and Xu, Danfei and Zhu, Yuke and Mart{\'\i}n-Mart{\'\i}n, Roberto and Lu, Cewu and Fei-Fei, Li and Savarese, Silvio},
  booktitle={Proceedings of the IEEE/CVF conference on computer vision and pattern recognition},
  pages={3343--3352},
  year={2019}
}

@article{kalal2011tracking,
  title={Tracking-learning-detection},
  author={Kalal, Zdenek and Mikolajczyk, Krystian and Matas, Jiri},
  journal={IEEE transactions on pattern analysis and machine intelligence},
  volume={34},
  number={7},
  pages={1409--1422},
  year={2011},
  publisher={IEEE}
}

@article{dosovitskiy2020image,
  title={An image is worth 16x16 words: Transformers for image recognition at scale},
  author={Dosovitskiy, Alexey and Beyer, Lucas and Kolesnikov, Alexander and Weissenborn, Dirk and Zhai, Xiaohua and Unterthiner, Thomas and Dehghani, Mostafa and Minderer, Matthias and Heigold, Georg and Gelly, Sylvain and others},
  journal={arXiv preprint arXiv:2010.11929},
  year={2020}
}

@inproceedings{yang2021transpose,
  title={Transpose: Keypoint localization via transformer},
  author={Yang, Sen and Quan, Zhibin and Nie, Mu and Yang, Wankou},
  booktitle={Proceedings of the IEEE/CVF international conference on computer vision},
  pages={11802--11812},
  year={2021}
}

@inproceedings{zhou2018deeptam,
  title={Deeptam: Deep tracking and mapping},
  author={Zhou, Huizhong and Ummenhofer, Benjamin and Brox, Thomas},
  booktitle={Proceedings of the European conference on computer vision (ECCV)},
  pages={822--838},
  year={2018}
}

@inproceedings{zheng20213d,
  title={3d human pose estimation with spatial and temporal transformers},
  author={Zheng, Ce and Zhu, Sijie and Mendieta, Matias and Yang, Taojiannan and Chen, Chen and Ding, Zhengming},
  booktitle={Proceedings of the IEEE/CVF international conference on computer vision},
  pages={11656--11665},
  year={2021}
}

@inproceedings{wang2022objectformer,
  title={Objectformer for image manipulation detection and localization},
  author={Wang, Junke and Wu, Zuxuan and Chen, Jingjing and Han, Xintong and Shrivastava, Abhinav and Lim, Ser-Nam and Jiang, Yu-Gang},
  booktitle={Proceedings of the IEEE/CVF Conference on Computer Vision and Pattern Recognition},
  pages={2364--2373},
  year={2022}
}

@inproceedings{choi2013rgb,
  title={RGB-D object tracking: A particle filter approach on GPU},
  author={Choi, Changhyun and Christensen, Henrik I},
  booktitle={2013 IEEE/RSJ International Conference on Intelligent Robots and Systems},
  pages={1084--1091},
  year={2013},
  organization={IEEE}
}

@inproceedings{wuthrich2013probabilistic,
  title={Probabilistic object tracking using a range camera},
  author={W{\"u}thrich, Manuel and Pastor, Peter and Kalakrishnan, Mrinal and Bohg, Jeannette and Schaal, Stefan},
  booktitle={2013 IEEE/RSJ International Conference on Intelligent Robots and Systems},
  pages={3195--3202},
  year={2013},
  organization={IEEE}
}

@inproceedings{krull20156,
  title={6-dof model based tracking via object coordinate regression},
  author={Krull, Alexander and Michel, Frank and Brachmann, Eric and Gumhold, Stefan and Ihrke, Stephan and Rother, Carsten},
  booktitle={Computer Vision--ACCV 2014: 12th Asian Conference on Computer Vision, Singapore, Singapore, November 1-5, 2014, Revised Selected Papers, Part IV 12},
  pages={384--399},
  year={2015},
  organization={Springer}
}

@article{deng2021poserbpf,
  title={PoseRBPF: A Rao--Blackwellized particle filter for 6-D object pose tracking},
  author={Deng, Xinke and Mousavian, Arsalan and Xiang, Yu and Xia, Fei and Bretl, Timothy and Fox, Dieter},
  journal={IEEE Transactions on Robotics},
  volume={37},
  number={5},
  pages={1328--1342},
  year={2021},
  publisher={IEEE}
}

@article{fan2022deep,
  title={Deep learning on monocular object pose detection and tracking: A comprehensive overview},
  author={Fan, Zhaoxin and Zhu, Yazhi and He, Yulin and Sun, Qi and Liu, Hongyan and He, Jun},
  journal={ACM Computing Surveys},
  volume={55},
  number={4},
  pages={1--40},
  year={2022},
  publisher={ACM New York, NY}
}

@inproceedings{parisotto2018global,
  title={Global pose estimation with an attention-based recurrent network},
  author={Parisotto, Emilio and Singh Chaplot, Devendra and Zhang, Jian and Salakhutdinov, Ruslan},
  booktitle={Proceedings of the ieee conference on computer vision and pattern recognition workshops},
  pages={237--246},
  year={2018}
}

@article{garon2017deep,
  title={Deep 6-DOF tracking},
  author={Garon, Mathieu and Lalonde, Jean-Fran{\c{c}}ois},
  journal={IEEE transactions on visualization and computer graphics},
  volume={23},
  number={11},
  pages={2410--2418},
  year={2017},
  publisher={IEEE}
}

@inproceedings{marougkas2020track,
  title={How to track your dragon: A multi-attentional framework for real-time rgb-d 6-dof object pose tracking},
  author={Marougkas, Isidoros and Koutras, Petros and Kardaris, Nikos and Retsinas, Georgios and Chalvatzaki, Georgia and Maragos, Petros},
  booktitle={European Conference on Computer Vision},
  pages={682--699},
  year={2020},
  organization={Springer}
}

@inproceedings{manhardt2018deep,
  title={Deep model-based 6d pose refinement in rgb},
  author={Manhardt, Fabian and Kehl, Wadim and Navab, Nassir and Tombari, Federico},
  booktitle={Proceedings of the European Conference on Computer Vision (ECCV)},
  pages={800--815},
  year={2018}
}

@inproceedings{lowe1999object,
  title={Object recognition from local scale-invariant features},
  author={Lowe, David G},
  booktitle={Proceedings of the seventh IEEE international conference on computer vision},
  volume={2},
  pages={1150--1157},
  year={1999},
  organization={Ieee}
}

@article{lepetit2005monocular,
  title={Monocular model-based 3d tracking of rigid objects: A survey},
  author={Lepetit, Vincent and Fua, Pascal and others},
  journal={Foundations and Trends{\textregistered} in Computer Graphics and Vision},
  volume={1},
  number={1},
  pages={1--89},
  year={2005},
  publisher={Now Publishers, Inc.}
}

//--------------------Depth-based object pose estimation--------------------------

@inproceedings{wang20216d,
  title={6D Pose Estimation from Point Cloud Using an Improved Point Pair Features Method},
  author={Wang, Haoyu and Wang, Hesheng and Zhuang, Chungang},
  booktitle={2021 7th International Conference on Control, Automation and Robotics (ICCAR)},
  pages={280--284},
  year={2021},
  organization={IEEE}
}

@article{guo2021efficient,
  title={Efficient Center Voting for Object Detection and 6D Pose Estimation in 3D Point Cloud},
  author={Guo, Jianwei and Xing, Xuejun and Quan, Weize and Yan, Dong-Ming and Gu, Qingyi and Liu, Yang and Zhang, Xiaopeng},
  journal={IEEE Transactions on Image Processing},
  volume={30},
  pages={5072--5084},
  year={2021},
  publisher={IEEE}
}

@article{li20203d,
  title={3D object recognition and pose estimation from point cloud using stably observed point pair feature},
  author={Li, Deping and Wang, Hanyun and Liu, Ning and Wang, Xiaoming and Xu, Jin},
  journal={IEEE Access},
  volume={8},
  pages={44335--44345},
  year={2020},
  publisher={IEEE}
}


@inproceedings{gao20206d,
  title={6d object pose regression via supervised learning on point clouds},
  author={Gao, Ge and Lauri, Mikko and Wang, Yulong and Hu, Xiaolin and Zhang, Jianwei and Frintrop, Simone},
  booktitle=icra,
  pages={3643--3649},
  year={2020},
  organization={IEEE}
}

@inproceedings{hagelskjaer2020pointvotenet,
  title={PointVoteNet: Accurate object detection and 6 DOF pose estimation in point clouds},
  author={Hagelskj{\ae}r, Frederik and Buch, Anders Glent},
  booktitle={2020 IEEE International Conference on Image Processing (ICIP)},
  pages={2641--2645},
  year={2020},
  organization={IEEE}
}

//--------------------------RGB-Object pose estimation-----------------------------

@inproceedings{wang2021gdr,
  title={Gdr-net: Geometry-guided direct regression network for monocular 6d object pose estimation},
  author={Wang, Gu and Manhardt, Fabian and Tombari, Federico and Ji, Xiangyang},
  booktitle=cvpr,
  pages={16611--16621},
  year={2021}
}

@inproceedings{peng2019pvnet,
  title={Pvnet: Pixel-wise voting network for 6dof pose estimation},
  author={Peng, Sida and Liu, Yuan and Huang, Qixing and Zhou, Xiaowei and Bao, Hujun},
  booktitle={Proceedings of the IEEE/CVF International Conference on Computer Vision},
  pages={4561--4570},
  year={2019}
}

@article{billings2019silhonet,
  title={Silhonet: An rgb method for 6d object pose estimation},
  author={Billings, Gideon and Johnson-Roberson, Matthew},
  journal={IEEE Robotics and Automation Letters},
  volume={4},
  number={4},
  pages={3727--3734},
  year={2019},
  publisher={IEEE}
}

@article{xiang2017posecnn,
  title={Posecnn: A convolutional neural network for 6d object pose estimation in cluttered scenes},
  author={Xiang, Yu and Schmidt, Tanner and Narayanan, Venkatraman and Fox, Dieter},
  journal={arXiv preprint arXiv:1711.00199},
  year={2017}
}

@inproceedings{kehl2017ssd,
  title={Ssd-6d: Making rgb-based 3d detection and 6d pose estimation great again},
  author={Kehl, Wadim and Manhardt, Fabian and Tombari, Federico and Ilic, Slobodan and Navab, Nassir},
  booktitle={Proceedings of the IEEE international conference on computer vision},
  pages={1521--1529},
  year={2017}
}

@inproceedings{trabelsi2021pose,
  title={A pose proposal and refinement network for better 6d object pose estimation},
  author={Trabelsi, Ameni and Chaabane, Mohamed and Blanchard, Nathaniel and Beveridge, Ross},
  booktitle={Proceedings of the IEEE/CVF winter conference on applications of computer vision},
  pages={2382--2391},
  year={2021}
}

@inproceedings{hu2020single,
  title={Single-stage 6d object pose estimation},
  author={Hu, Yinlin and Fua, Pascal and Wang, Wei and Salzmann, Mathieu},
  booktitle={Proceedings of the IEEE/CVF conference on computer vision and pattern recognition},
  pages={2930--2939},
  year={2020}
}

@inproceedings{chen2020end,
  title={End-to-end learnable geometric vision by backpropagating pnp optimization},
  author={Chen, Bo and Parra, Alvaro and Cao, Jiewei and Li, Nan and Chin, Tat-Jun},
  booktitle={Proceedings of the IEEE/CVF Conference on Computer Vision and Pattern Recognition},
  pages={8100--8109},
  year={2020}
}

@inproceedings{rad2017bb8,
  title={Bb8: A scalable, accurate, robust to partial occlusion method for predicting the 3d poses of challenging objects without using depth},
  author={Rad, Mahdi and Lepetit, Vincent},
  booktitle={Proceedings of the IEEE international conference on computer vision},
  pages={3828--3836},
  year={2017}
}

@inproceedings{tekin2018real,
  title={Real-time seamless single shot 6d object pose prediction},
  author={Tekin, Bugra and Sinha, Sudipta N and Fua, Pascal},
  booktitle={Proceedings of the IEEE conference on computer vision and pattern recognition},
  pages={292--301},
  year={2018}
}

@inproceedings{oberweger2018making,
  title={Making deep heatmaps robust to partial occlusions for 3d object pose estimation},
  author={Oberweger, Markus and Rad, Mahdi and Lepetit, Vincent},
  booktitle={Proceedings of the European conference on computer vision (ECCV)},
  pages={119--134},
  year={2018}
}

@inproceedings{li2019cdpn,
  title={Cdpn: Coordinates-based disentangled pose network for real-time rgb-based 6-dof object pose estimation},
  author={Li, Zhigang and Wang, Gu and Ji, Xiangyang},
  booktitle={Proceedings of the IEEE/CVF international conference on computer vision},
  pages={7678--7687},
  year={2019}
}

@inproceedings{park2019pix2pose,
  title={Pix2pose: Pixel-wise coordinate regression of objects for 6d pose estimation},
  author={Park, Kiru and Patten, Timothy and Vincze, Markus},
  booktitle={Proceedings of the IEEE/CVF international conference on computer vision},
  pages={7668--7677},
  year={2019}
}

@inproceedings{zakharov2019dpod,
  title={Dpod: 6d pose object detector and refiner},
  author={Zakharov, Sergey and Shugurov, Ivan and Ilic, Slobodan},
  booktitle={Proceedings of the IEEE/CVF international conference on computer vision},
  pages={1941--1950},
  year={2019}
}


//--------------------------RGBD-Object pose estimation-----------------------------

@inproceedings{he2020pvn3d,
  title={Pvn3d: A deep point-wise 3d keypoints voting network for 6dof pose estimation},
  author={He, Yisheng and Sun, Wei and Huang, Haibin and Liu, Jianran and Fan, Haoqiang and Sun, Jian},
  booktitle=cvpr,
  pages={11632--11641},
  year={2020}
}

@inproceedings{he2021ffb6d,
  title={Ffb6d: A full flow bidirectional fusion network for 6d pose estimation},
  author={He, Yisheng and Huang, Haibin and Fan, Haoqiang and Chen, Qifeng and Sun, Jian},
  booktitle=cvpr,
  pages={3003--3013},
  year={2021}
}

@article{wu2023geometric,
  title={Geometric-aware dense matching network for 6D pose estimation of objects from RGB-D images},
  author={Wu, Chenrui and Chen, Long and Wang, Shenglong and Yang, Han and Jiang, Junjie},
  journal={Pattern Recognition},
  volume={137},
  pages={109293},
  year={2023},
  publisher={Elsevier}
}

@inproceedings{hong2024rdpn6d,
  title={RDPN6D: Residual-based Dense Point-wise Network for 6Dof Object Pose Estimation Based on RGB-D Images},
  author={Hong, Zong-Wei and Hung, Yen-Yang and Chen, Chu-Song},
  booktitle=cvpr,
  pages={5251--5260},
  year={2024}
}

@inproceedings{lin2024hipose,
  title={Hipose: Hierarchical binary surface encoding and correspondence pruning for rgb-d 6dof object pose estimation},
  author={Lin, Yongliang and Su, Yongzhi and Nathan, Praveen and Inuganti, Sandeep and Di, Yan and Sundermeyer, Martin and Manhardt, Fabian and Stricker, Didier and Rambach, Jason and Zhang, Yu},
  booktitle=cvpr,
  pages={10148--10158},
  year={2024}
}

//-----------------------------------------------------------------------------------------

@inproceedings{li2018deepim,
  title={Deepim: Deep iterative matching for 6d pose estimation},
  author={Li, Yi and Wang, Gu and Ji, Xiangyang and Xiang, Yu and Fox, Dieter},
  booktitle={Proceedings of the European Conference on Computer Vision (ECCV)},
  pages={683--698},
  year={2018}
}

@inproceedings{dosovitskiy2015flownet,
  title={Flownet: Learning optical flow with convolutional networks},
  author={Dosovitskiy, Alexey and Fischer, Philipp and Ilg, Eddy and Hausser, Philip and Hazirbas, Caner and Golkov, Vladimir and Van Der Smagt, Patrick and Cremers, Daniel and Brox, Thomas},
  booktitle={Proceedings of the IEEE international conference on computer vision},
  pages={2758--2766},
  year={2015}
}

@inproceedings{wen2020se,
  title={se (3)-tracknet: Data-driven 6d pose tracking by calibrating image residuals in synthetic domains},
  author={Wen, Bowen and Mitash, Chaitanya and Ren, Baozhang and Bekris, Kostas E},
  booktitle={2020 IEEE/RSJ International Conference on Intelligent Robots and Systems (IROS)},
  pages={10367--10373},
  year={2020},
  organization={IEEE}
}

@inproceedings{majcher20203d,
  title={3D Model-based 6D Object Pose Tracking on RGB Images using Particle Filtering and Heuristic Optimization.},
  author={Majcher, Mateusz and Kwolek, Bogdan},
  booktitle={VISIGRAPP (5: VISAPP)},
  pages={690--697},
  year={2020}
}

@article{zhong2020seeing,
  title={Seeing through the occluders: Robust monocular 6-DOF object pose tracking via model-guided video object segmentation},
  author={Zhong, Leisheng and Zhang, Yu and Zhao, Hao and Chang, An and Xiang, Wenhao and Zhang, Shunli and Zhang, Li},
  journal={IEEE Robotics and Automation Letters},
  volume={5},
  number={4},
  pages={5159--5166},
  year={2020},
  publisher={IEEE}
}

@inproceedings{wang2023deep,
  title={Deep active contours for real-time 6-DoF object tracking},
  author={Wang, Long and Yan, Shen and Zhen, Jianan and Liu, Yu and Zhang, Maojun and Zhang, Guofeng and Zhou, Xiaowei},
  booktitle={Proceedings of the IEEE/CVF International Conference on Computer Vision},
  pages={14034--14044},
  year={2023}
}

@inproceedings{liu2021swin,
  title={Swin transformer: Hierarchical vision transformer using shifted windows},
  author={Liu, Ze and Lin, Yutong and Cao, Yue and Hu, Han and Wei, Yixuan and Zhang, Zheng and Lin, Stephen and Guo, Baining},
  booktitle={Proceedings of the IEEE/CVF international conference on computer vision},
  pages={10012--10022},
  year={2021}
}

@inproceedings{guo2022cmt,
  title={Cmt: Convolutional neural networks meet vision transformers},
  author={Guo, Jianyuan and Han, Kai and Wu, Han and Tang, Yehui and Chen, Xinghao and Wang, Yunhe and Xu, Chang},
  booktitle={Proceedings of the IEEE/CVF conference on computer vision and pattern recognition},
  pages={12175--12185},
  year={2022}
}

@article{devlin2018bert,
  title={Bert: Pre-training of deep bidirectional transformers for language understanding},
  author={Devlin, Jacob},
  journal={arXiv preprint arXiv:1810.04805},
  year={2018}
}

@article{radford2018improving,
  title={Improving language understanding by generative pre-training},
  author={Radford, Alec and Narasimhan, Karthik and Salimans, Tim and Sutskever, Ilya and others},
  year={2018},
  publisher={San Francisco, CA, USA}
}

@inproceedings{chao2021dexycb,
  title={DexYCB: A benchmark for capturing hand grasping of objects},
  author={Chao, Yu-Wei and Yang, Wei and Xiang, Yu and Molchanov, Pavlo and Handa, Ankur and Tremblay, Jonathan and Narang, Yashraj S and Van Wyk, Karl and Iqbal, Umar and Birchfield, Stan and others},
  booktitle=cvpr,
  pages={9044--9053},
  year={2021}
}

@inproceedings{garcia2018first,
  title={First-person hand action benchmark with rgb-d videos and 3d hand pose annotations},
  author={Garcia-Hernando, Guillermo and Yuan, Shanxin and Baek, Seungryul and Kim, Tae-Kyun},
  booktitle=cvpr,
  pages={409--419},
  year={2018}
}

@inproceedings{hampali2020honnotate,
  title={Honnotate: A method for 3d annotation of hand and object poses},
  author={Hampali, Shreyas and Rad, Mahdi and Oberweger, Markus and Lepetit, Vincent},
  booktitle=cvpr,
  pages={3196--3206},
  year={2020}
}

@inproceedings{he2017mask,
  title={Mask r-cnn},
  author={He, Kaiming and Gkioxari, Georgia and Doll{\'a}r, Piotr and Girshick, Ross},
  booktitle={Proceedings of the IEEE international conference on computer vision},
  pages={2961--2969},
  year={2017}
}

@inproceedings{hinterstoisser2012model,
  title={Model based training, detection and pose estimation of texture-less 3d objects in heavily cluttered scenes},
  author={Hinterstoisser, Stefan and Lepetit, Vincent and Ilic, Slobodan and Holzer, Stefan and Bradski, Gary and Konolige, Kurt and Navab, Nassir},
  booktitle={Asian conference on computer vision},
  pages={548--562},
  year={2012},
  organization={Springer}
}

@inproceedings{bregier2017symmetry,
  title={Symmetry aware evaluation of 3d object detection and pose estimation in scenes of many parts in bulk},
  author={Br{\'e}gier, Romain and Devernay, Fr{\'e}d{\'e}ric and Leyrit, Laetitia and Crowley, James L},
  booktitle=iccvw,
  pages={2209--2218},
  year={2017}
}

@inproceedings{tian2022large,
  title={Large-displacement 3d object tracking with hybrid non-local optimization},
  author={Tian, Xuhui and Lin, Xinran and Zhong, Fan and Qin, Xueying},
  booktitle={European Conference on Computer Vision},
  pages={627--643},
  year={2022},
  organization={Springer}
}

@article{stoiber2022srt3d,
  title={SRT3D: A sparse region-based 3D object tracking approach for the real world},
  author={Stoiber, Manuel and Pfanne, Martin and Strobl, Klaus H and Triebel, Rudolph and Albu-Sch{\"a}ffer, Alin},
  journal={International Journal of Computer Vision},
  volume={130},
  number={4},
  pages={1008--1030},
  year={2022},
  publisher={Springer}
}

@inproceedings{stoiber2020sparse,
  title={A sparse gaussian approach to region-based 6DoF object tracking},
  author={Stoiber, Manuel and Pfanne, Martin and Strobl, Klaus H and Triebel, Rudolph and Albu-Sch{\"a}ffer, Alin},
  booktitle={Proceedings of the Asian Conference on Computer Vision},
  year={2020}
}

@article{huang2021pixel,
  title={Pixel-wise weighted region-based 3D object tracking using contour constraints},
  author={Huang, Hong and Zhong, Fan and Qin, Xueying},
  journal={IEEE Transactions on Visualization and Computer Graphics},
  volume={28},
  number={12},
  pages={4319--4331},
  year={2021},
  publisher={IEEE}
}

@article{sun2021robust,
  title={Robust monocular pose tracking of less-distinct objects based on contour-part model},
  author={Sun, Xiaoliang and Zhou, Jiexin and Zhang, Wenlong and Wang, Zi and Yu, Qifeng},
  journal={IEEE Transactions on Circuits and Systems for Video Technology},
  volume={31},
  number={11},
  pages={4409--4421},
  year={2021},
  publisher={IEEE}
}

@inproceedings{doosti2020hope,
  title={Hope-net: A graph-based model for hand-object pose estimation},
  author={Doosti, Bardia and Naha, Shujon and Mirbagheri, Majid and Crandall, David J},
  booktitle=cvpr,
  pages={6608--6617},
  year={2020}
}

@inproceedings{lin2023harmonious,
  title={Harmonious feature learning for interactive hand-object pose estimation},
  author={Lin, Zhifeng and Ding, Changxing and Yao, Huan and Kuang, Zengsheng and Huang, Shaoli},
  booktitle=cvpr,
  pages={12989--12998},
  year={2023}
}

@inproceedings{wang2023interacting,
  title={Interacting hand-object pose estimation via dense mutual attention},
  author={Wang, Rong and Mao, Wei and Li, Hongdong},
  booktitle=cvpr,
  pages={5735--5745},
  year={2023}
}

@article{romero2022embodied,
  title={Embodied hands: Modeling and capturing hands and bodies together},
  author={Romero, Javier and Tzionas, Dimitrios and Black, Michael J},
  journal={arXiv preprint arXiv:2201.02610},
  year={2022}
}

@article{woo2023survey,
  title={A survey of deep learning methods and datasets for hand pose estimation from hand-object interaction images},
  author={Woo, Taeyun and Park, Wonjung and Jeong, Woohyun and Park, Jinah},
  journal={Computers \& Graphics},
  volume={116},
  pages={474--490},
  year={2023},
  publisher={Elsevier}
}

@article{du2021vision,
  title={Vision-based robotic grasping from object localization, object pose estimation to grasp estimation for parallel grippers: a review},
  author={Du, Guoguang and Wang, Kai and Lian, Shiguo and Zhao, Kaiyong},
  journal={Artificial Intelligence Review},
  volume={54},
  number={3},
  pages={1677--1734},
  year={2021},
  publisher={Springer}
}

@article{muhanna2015virtual,
  title={Virtual reality and the CAVE: Taxonomy, interaction challenges and research directions},
  author={Muhanna, Muhanna A},
  journal={Journal of King Saud University-Computer and Information Sciences},
  volume={27},
  number={3},
  pages={344--361},
  year={2015},
  publisher={Elsevier}
}

@article{okafor2024deep,
  title={Deep reinforcement learning with light-weight vision model for sequential robotic object sorting},
  author={Okafor, Emmanuel and Oyedeji, Mojeed and Alfarraj, Motaz},
  journal={Journal of King Saud University-Computer and Information Sciences},
  volume={36},
  number={1},
  pages={101896},
  year={2024},
  publisher={Elsevier}
}

@article{cho2024integration,
  title={Integration of eye-tracking and object detection in a deep learning system for quality inspection analysis},
  author={Cho, Seung-Wan and Lim, Yeong-Hyun and Seo, Kyung-Min and Kim, Jungin},
  journal={Journal of Computational Design and Engineering},
  volume={11},
  number={3},
  pages={158--173},
  year={2024},
  publisher={Oxford University Press}
}


@article{marullo20236d,
  title={6D object position estimation from 2D images: A literature review},
  author={Marullo, Giorgia and Tanzi, Leonardo and Piazzolla, Pietro and Vezzetti, Enrico},
  journal={Multimedia Tools and Applications},
  volume={82},
  number={16},
  pages={24605--24643},
  year={2023},
  publisher={Springer}
}

@article{qi2024computer,
  title={Computer vision-based hand gesture recognition for human-robot interaction: a review},
  author={Qi, Jing and Ma, Li and Cui, Zhenchao and Yu, Yushu},
  journal={Complex \& Intelligent Systems},
  volume={10},
  number={1},
  pages={1581--1606},
  year={2024},
  publisher={Springer}
}

@article{llop2022benchmarking,
  title={Benchmarking anthropomorphic hands through grasping simulations},
  author={Llop-Harillo, Immaculada and Iserte, Jose L and Perez-Gonzalez, Antonio},
  journal={Journal of Computational Design and Engineering},
  volume={9},
  number={2},
  pages={330--342},
  year={2022},
  publisher={Oxford University Press}
}

@article{son2022past,
  title={Past, present, and future research of digital twin for smart manufacturing},
  author={Son, Yoo Ho and Kim, Goo-Young and Kim, Hyeon Chan and Jun, Chanmo and Noh, Sang Do},
  journal={Journal of Computational Design and Engineering},
  volume={9},
  number={1},
  pages={1--23},
  year={2022},
  publisher={Oxford University Press}
}

@article{park2015spatial,
  title={Spatial augmented reality for product appearance design evaluation},
  author={Park, Min Ki and Lim, Kyu Je and Seo, Myoung Kook and Jung, Soon Jong and Lee, Kwan H},
  journal={Journal of Computational Design and Engineering},
  volume={2},
  number={1},
  pages={38--46},
  year={2015},
  publisher={Oxford University Press}
}

@article{yu2023cattrack,
  title={Cattrack: Single-stage category-level 6d object pose tracking via convolution and vision transformer},
  author={Yu, Sheng and Zhai, Di-Hua and Xia, Yuanqing and Li, Dong and Zhao, Shiqi},
  journal={IEEE Transactions on Multimedia},
  volume={26},
  pages={1665--1680},
  year={2023},
  publisher={IEEE}
}

@inproceedings{wen2024foundationpose,
  title={Foundationpose: Unified 6d pose estimation and tracking of novel objects},
  author={Wen, Bowen and Yang, Wei and Kautz, Jan and Birchfield, Stan},
  booktitle={Proceedings of the IEEE/CVF Conference on Computer Vision and Pattern Recognition},
  pages={17868--17879},
  year={2024}
}

@article{li2024efficient,
  title={An efficient and accurate 2D human pose estimation method using VTTransPose network},
  author={Li, Rui and Li, Qi and Yang, Shiqiang and Zeng, Xin and Yan, An},
  journal={Scientific Reports},
  volume={14},
  number={1},
  pages={7608},
  year={2024},
  publisher={Nature Publishing Group UK London}
}

@article{periyasamy2024motpose,
  title={MOTPose: Multi-object 6D Pose Estimation for Dynamic Video Sequences using Attention-based Temporal Fusion},
  author={Periyasamy, Arul Selvam and Behnke, Sven},
  journal={arXiv preprint arXiv:2403.09309},
  year={2024}
}

@inproceedings{li2021pose,
  title={Pose recognition with cascade transformers},
  author={Li, Ke and Wang, Shijie and Zhang, Xiang and Xu, Yifan and Xu, Weijian and Tu, Zhuowen},
  booktitle={Proceedings of the IEEE/CVF conference on computer vision and pattern recognition},
  pages={1944--1953},
  year={2021}
}
%--------------------more recent baselines--------------------

@inproceedings{amini2022yolopose,
  title={YOLOPose: Transformer-based multi-object 6D pose estimation using keypoint regression},
  author={Amini, Arash and Selvam Periyasamy, Arul and Behnke, Sven},
  booktitle={International Conference on Intelligent Autonomous Systems},
  pages={392--406},
  year={2022},
  organization={Springer}
}


@article{periyasamy2023yolopose,
  title={YOLOPose V2: Understanding and improving transformer-based 6D pose estimation},
  author={Periyasamy, Arul Selvam and Amini, Arash and Tsaturyan, Vladimir and Behnke, Sven},
  journal={Robotics and Autonomous Systems},
  volume={168},
  pages={104490},
  year={2023},
  publisher={Elsevier}
}

@inproceedings{zhou2023deep,
  title={Deep fusion transformer network with weighted vector-wise keypoints voting for robust 6d object pose estimation},
  author={Zhou, Jun and Chen, Kai and Xu, Linlin and Dou, Qi and Qin, Jing},
  booktitle={Proceedings of the IEEE/CVF International Conference on Computer Vision},
  pages={13967--13977},
  year={2023}
}

@article{hong2024transformer,
  title={A Transformer-based multi-modal fusion network for 6D pose estimation},
  author={Hong, Jia-Xin and Zhang, Hong-Bo and Liu, Jing-Hua and Lei, Qing and Yang, Li-Jie and Du, Ji-Xiang},
  journal={Information Fusion},
  volume={105},
  pages={102227},
  year={2024},
  publisher={Elsevier}
}

@inproceedings{li2023depth,
  title={Depth-based 6dof object pose estimation using swin transformer},
  author={Li, Zhujun and Stamos, Ioannis},
  booktitle={2023 IEEE/RSJ International Conference on Intelligent Robots and Systems (IROS)},
  pages={1185--1191},
  year={2023},
  organization={IEEE}
}


%----------------------------------------
@inproceedings{jantos2023poet,
  title={PoET: Pose estimation transformer for single-view, multi-object 6D pose estimation},
  author={Jantos, Thomas Georg and Hamdad, Mohamed Amin and Granig, Wolfgang and Weiss, Stephan and Steinbrener, Jan},
  booktitle={Conference on Robot Learning},
  pages={1060--1070},
  year={2023},
  organization={PMLR}
}

@inproceedings{castro2023crt,
  title={Crt-6d: Fast 6d object pose estimation with cascaded refinement transformers},
  author={Castro, Pedro and Kim, Tae-Kyun},
  booktitle={Proceedings of the IEEE/CVF Winter Conference on Applications of Computer Vision},
  pages={5746--5755},
  year={2023}
}

@inproceedings{wang2021visibility,
  title={Visibility-aware trajectory optimization with application to aerial tracking},
  author={Wang, Qianhao and Gao, Yuman and Ji, Jialin and Xu, Chao and Gao, Fei},
  booktitle={2021 IEEE/RSJ International Conference on Intelligent Robots and Systems (IROS)},
  pages={5249--5256},
  year={2021},
  organization={IEEE}
}

@inproceedings{gao2023visfusion,
  title={Visfusion: Visibility-aware online 3d scene reconstruction from videos},
  author={Gao, Huiyu and Mao, Wei and Liu, Miaomiao},
  booktitle={Proceedings of the IEEE/CVF Conference on Computer Vision and Pattern Recognition},
  pages={17317--17326},
  year={2023}
}

@inproceedings{shih2024extranerf,
  title={ExtraNeRF: Visibility-Aware View Extrapolation of Neural Radiance Fields with Diffusion Models},
  author={Shih, Meng-Li and Ma, Wei-Chiu and Boyice, Lorenzo and Holynski, Aleksander and Cole, Forrester and Curless, Brian and Kontkanen, Janne},
  booktitle={Proceedings of the IEEE/CVF Conference on Computer Vision and Pattern Recognition},
  pages={20385--20395},
  year={2024}
}

@inproceedings{huang20243d,
  title={3D Visibility-Aware Generalizable Neural Radiance Fields for Interacting Hands},
  author={Huang, Xuan and Li, Hanhui and Yang, Zejun and Wang, Zhisheng and Liang, Xiaodan},
  booktitle={Proceedings of the AAAI Conference on Artificial Intelligence},
  volume={38},
  number={3},
  pages={2400--2408},
  year={2024}
}

@inproceedings{huang2025visibility,
  title={Visibility-Aware Pixelwise View Selection for Multi-View Stereo Matching},
  author={Huang, Zhentao and Shi, Yukun and Gong, Minglun},
  booktitle={International Conference on Pattern Recognition},
  pages={130--144},
  year={2025},
  organization={Springer}
}

@article{chen2020visibility,
  title={Visibility-aware point-based multi-view stereo network},
  author={Chen, Rui and Han, Songfang and Xu, Jing and Su, Hao},
  journal={IEEE transactions on pattern analysis and machine intelligence},
  volume={43},
  number={10},
  pages={3695--3708},
  year={2020},
  publisher={IEEE}
}

@inproceedings{labbe2020cosypose,
  title={Cosypose: Consistent multi-view multi-object 6d pose estimation},
  author={Labb{\'e}, Yann and Carpentier, Justin and Aubry, Mathieu and Sivic, Josef},
  booktitle={Computer Vision--ECCV 2020: 16th European Conference, Glasgow, UK, August 23--28, 2020, Proceedings, Part XVII 16},
  pages={574--591},
  year={2020},
  organization={Springer}
}


